@techreport{baer,
  author={Christian BÃ¤r},
  title={Gauge Theory},
  institution={Potsdam University},
  year=2011,
  month=july
}

@book{baum,
  title={Eichfeldtheorie},
  author={Baum, Helga},
  year={2009},
  publisher={Springer}
}
